% Bibliografia relacionada a Engenharia de requisítos
@inproceedings{de2014feature,
  title={A feature modeling approach for domain-specific requirement elicitation},
  author={De Troyer, Olga and Janssens, Erik},
  booktitle={2014 IEEE 4th International Workshop on Requirements Patterns (RePa)},
  pages={17--24},
  year={2014},
  organization={IEEE}
}
@inproceedings {tabassam2019comparative,
  title = {Estudo comparativo das técnicas de modelagem de engenharia de requisitos do E-Guide pessoal do Al-Haj},
  author = {Tabassam, Sehrish e Al-Qahtane, Eman},
  booktitle = {2019 2ª Conferência Internacional sobre Aplicações Informáticas \ e Segurança da Informação (ICCAIS)},
  pages = {1--8},
  ano = {2019},
  organização = {IEEE}
}
@inproceedings {rafiq2017requirements,
  title = {Técnicas de obtenção de requisitos aplicadas em startups de software},
  author = {Rafiq, Usman e Bajwa, Sohaib Shahid e Wang, Xiaofeng e Lunesu, Ilaria},
  booktitle = {2017 43ª Conferência Euromicro de Engenharia de Software e Aplicativos Avançados (SEAA)},
  pages = {141--144},
  ano = {2017},
  organização = {IEEE}
}
@inproceedings{spoletini2017requirements,
  title={Requirements elicitation: a look at the future through the lenses of the past},
  author={Spoletini, Paola and Ferrari, Alessio},
  booktitle={2017 IEEE 25th International Requirements Engineering Conference (RE)},
  pages={476--477},
  year={2017},
  organization={IEEE}
}
@inproceedings{requirementsanalysis,
  title={Requirements analysis and modelling},
  author={B. Bruegge},
  year={1994},
  organization={IEEE}
}
@book{sommerville1997requirements,
  title={Requirements engineering: a good practice guide},
  author={Sommerville, Ian and Sawyer, Pete},
  year={1997},
  publisher={John Wiley \& Sons, Inc.}
}
@inproceedings{cuevas2004assessment,
  title={Assessment of the requirements management process using a two-stage questionnaire},
  author={Cuevas, Gonzalo and Serrano, Al and Serrano, Ar},
  booktitle={Fourth International Conference onQuality Software, 2004. QSIC 2004. Proceedings.},
  pages={110--116},
  year={2004},
  organization={IEEE}
}
@article{arias2018framework,
  title={A Framework for Managing Requirements of Software Product Lines},
  author={Arias, Maximiliano and Buccella, Agustina and Cechich, Alejandra},
  journal={Electronic Notes in Theoretical Computer Science},
  volume={339},
  pages={5--20},
  year={2018},
  publisher={Elsevier}
}
@inproceedings{riaz2018customization,
  title={Customization of requirement engineering best practices for Pakistan software industry},
  author={Riaz, Muhammad Qasim and Maqbool, Bilal and Butt, Wasi Haider and others},
  booktitle={2018 International Conference on Computing, Mathematics and Engineering Technologies (iCoMET)},
  pages={1--6},
  year={2018},
  organization={IEEE}
}
% Bibliografia relacionada a Gestão de Requisítos
@article{bayonamejora,
  title={Mejora de Procesos Software: Gesti{\'o}n de Requisitos, Verificaci{\'o}n y Validaci{\'o}n Software Process Improvement: Requirements Management, Verification and Validation},
  author={Bayona-Or{\'e}, Sussy and Chamilco, Josselyn and Perez, Dayvis}
}

% Bibliografia relacionada a Elicitação de Requisítos
@article{coulin2006situational,
  title={A situational method engineering approach to requirements elicitation workshops in the software development process},
  author={Coulin, Chad and Zowghi, Didar and Sahraoui, Abd-El-Kader},
  journal={Software Process: Improvement and Practice},
  volume={11},
  number={5},
  pages={451--464},
  year={2006},
  publisher={Wiley Online Library}
}
@inproceedings{rafiq2017requirements,
  title={Requirements elicitation techniques applied in software startups},
  author={Rafiq, Usman and Bajwa, Sohaib Shahid and Wang, Xiaofeng and Lunesu, Ilaria},
  booktitle={2017 43rd Euromicro Conference on Software Engineering and Advanced Applications (SEAA)},
  pages={141--144},
  year={2017},
  organization={IEEE}
}
@inproceedings{rafiq2017requirements,
  title={Requirements elicitation techniques applied in software startups},
  author={Rafiq, Usman and Bajwa, Sohaib Shahid and Wang, Xiaofeng and Lunesu, Ilaria},
  booktitle={2017 43rd Euromicro Conference on Software Engineering and Advanced Applications (SEAA)},
  pages={141--144},
  year={2017},
  organization={IEEE}
}
% Bibliografia relacionada a PMBOK
@inproceedings{lampa2017project,
  title={Project Scope Management: A Strategy Oriented to the Requirements Engineering.},
  author={Lampa, Igor Luiz and Contessoto, Allan De Godoi and Amorim, Anderson Rici and Zafalon, Geraldo Francisco Donega and Val{\^e}ncio, Carlos Roberto and de Souza, Rog{\'e}ria Cristiane Grat{\~a}o},
  booktitle={ICEIS (2)},
  pages={370--378},
  year={2017}
}
@book{cruz2013scrum,
  title={Scrum e PMBOK unidos no Gerenciamento de Projetos},
  author={Cruz, F{\'a}bio},
  year={2013},
  publisher={Brasport}
}

% Bibliografia relacionada a Metodologias ágeis
@inproceedings{fraga2017engenharia,
  title={A Engenharia de Requisitos nos m{\'e}todos {\'a}geis: uma revis{\~a}o sistem{\'a}tica da literatura},
  author={Fraga, B{\'a}rbara and Barbosa, Marcelo},
  booktitle={Anais do XIII Simp{\'o}sio Brasileiro de Sistemas de Informa{\c{c}}{\~a}o},
  pages={309--315},
  year={2017},
  organization={SBC}
}
@inproceedings{jun2010application,
  title={Application of agile requirement engineering in modest-sized information systems development},
  author={Jun, Liu and Qiuzhen, Wang and Lin, Gao},
  booktitle={2010 Second world congress on software engineering},
  volume={2},
  pages={207--210},
  year={2010},
  organization={IEEE}
}
@article{vlaanderen2011agile,
  title={The agile requirements refinery: Applying SCRUM principles to software product management},
  author={Vlaanderen, Kevin and Jansen, Slinger and Brinkkemper, Sjaak and Jaspers, Erik},
  journal={Information and software technology},
  volume={53},
  number={1},
  pages={58--70},
  year={2011},
  publisher={Elsevier}
}
@inproceedings{srivastava2017scrum,
  title={SCRUM model for agile methodology},
  author={Srivastava, Apoorva and Bhardwaj, Sukriti and Saraswat, Shipra},
  booktitle={2017 International Conference on Computing, Communication and Automation (ICCCA)},
  pages={864--869},
  year={2017},
  organization={IEEE}
}
@article{awad2005comparison,
  title={A comparison between agile and traditional software development methodologies},
  author={Awad, MA},
  journal={University of Western Australia},
  pages={30},
  year={2005}
}
@article{cambraiaLeonardo,
  title={Desafios, Agilidade e Simplicidade: Uma
Abordagem para Desenvolvimento Mobile},
  author={Cambraia, Leonardo},
  journal={Universidade de Brasília},
  pages={121},
  year={2018}
}
% Bibliografia referente a Design Thinking
@inproceedings{prasad2018adopting,
  title={Adopting Design Thinking Practices to Satisfy Customer Expectations in Agile Practices: A Case from Sri Lankan Software Development Industry},
  author={Prasad, WMD Ruchira and Perera, GIUS and Padmini, KV Jeeva and Bandara, HMN Dilum},
  booktitle={2018 Moratuwa Engineering Research Conference (MERCon)},
  pages={471--476},
  year={2018},
  organization={IEEE}
}
@book{knapp2016sprint,
  title={Sprint: How to solve big problems and test new ideas in just five days},
  author={Knapp, Jake and Zeratsky, John and Kowitz, Braden},
  year={2016},
  publisher={Simon and Schuster}
}

% Bibliografia referente a revisão sistemática
@article{kitchenham2004procedures,
  title={Procedures for performing systematic reviews},
  author={Kitchenham, Barbara},
  journal={Keele, UK, Keele University},
  volume={33},
  number={2004},
  pages={1--26},
  year={2004}
}
@article{brereton2007lessons,
  title={Lessons from applying the systematic literature review process within the software engineering domain},
  author={Brereton, Pearl and Kitchenham, Barbara A and Budgen, David and Turner, Mark and Khalil, Mohamed},
  journal={Journal of systems and software},
  volume={80},
  number={4},
  pages={571--583},
  year={2007},
  publisher={Elsevier}
}